<?xml version="1.0" encoding="utf-8"?>
<record xmlns="http://www.loc.gov/MARC21/slim" xmlns:xsi="http://www.w3.org/2001/XMLSchema-instance" xsi:schemaLocation="http://www.loc.gov/MARC21/slim http://www.loc.gov/standards/marcxml/schema/MARC21slim.xsd">
	<leader>     nam a22     Mi 4500</leader>
	<controlfield tag="001">b12378574</controlfield>
	<controlfield tag="003">LeBAU</controlfield>
	<controlfield tag="006">m        d        </controlfield>
	<controlfield tag="007">cr cn |||m|||a</controlfield>
	<controlfield tag="008">180413s1903    ua      o     ||0 0 ara d</controlfield>
	<datafield ind1=" " ind2=" " tag="040">
		<subfield code="a">ZYU</subfield>
		<subfield code="b">ara</subfield>
		<subfield code="e">rda</subfield>
		<subfield code="c">ZYU</subfield>
	</datafield>
	<datafield ind1=" " ind2="4" tag="050">
		<subfield code="a">BP130.4</subfield>
		<subfield code="b">.T3 1903</subfield>
	</datafield>
	<datafield ind1="0" ind2="4" tag="082">
		<subfield code="a">297.207</subfield>
		<subfield code="2">20</subfield>
	</datafield>
	<datafield ind1="1" ind2=" " tag="100">
		<subfield code="6">880-01</subfield>
		<subfield code="a">Ṭabarī,</subfield>
		<subfield code="d">838?-923,</subfield>
		<subfield code="e">author.</subfield>
	</datafield>
	<datafield ind1="1" ind2="0" tag="240">
		<subfield code="6">880-02</subfield>
		<subfield code="a">Jāmi‘ al-Bayān fī tafsīr al-Qur’ān</subfield>
	</datafield>
	<datafield ind1="1" ind2="0" tag="245">
		<subfield code="6">880-03</subfield>
		<subfield code="a">Tafsīr al-imām al-kabīr wa-al-‘allāmah al-shahīr man aṭbaqat al-’ummah ‘alá taqaddumihi fī al-tafsīr wa-ja‘alathu ḥujjatan idhā waqa‘a al-nizā‘ fī al-ta‘bīr al-Imām Abī Ja‘far Muḥammad ibn Jurayr al-Ṭabarī al-musammá Jāmi‘ al-Bayān fī tafsīr al-Qur’ān. wa-li-ajl tamām al-naf‘ waḍa‘nā bi-al-hāmish Tafsīr Gharāʼib al-Qurʼān wa-Raghā’ib al-Furqān /</subfield>
		<subfield code="c">lil-‘allāmah Niẓām al-Dīn al-Ḥasan ibn Muḥammad ibn Ḥusayn al-Qamī al-Nīsābūrī.</subfield>
	</datafield>
	<datafield ind1=" " ind2="1" tag="264">
		<subfield code="6">880-04</subfield>
		<subfield code="a">Miṣr :</subfield>
		<subfield code="b">al-Maṭba‘ah al-Maymanīyah,</subfield>
		<subfield code="c">1321 H., [1903? M.]</subfield>
	</datafield>
	<datafield ind1=" " ind2=" " tag="300">
		<subfield code="6">880-05</subfield>
		<subfield code="a">online resource (10 volumes)</subfield>
	</datafield>
	<datafield ind1=" " ind2=" " tag="336">
		<subfield code="a">text</subfield>
		<subfield code="2">rdacontent</subfield>
	</datafield>
	<datafield ind1=" " ind2=" " tag="337">
		<subfield code="a">computer</subfield>
		<subfield code="2">rdamedia</subfield>
	</datafield>
	<datafield ind1=" " ind2=" " tag="338">
		<subfield code="a">online resource</subfield>
		<subfield code="2">rdacarrier</subfield>
	</datafield>
	<datafield ind1=" " ind2=" " tag="500">
		<subfield code="a">Part of the Arabic Collections Online (ACO) project, contributed by American University of Beirut's Jafet Memorial Library.</subfield>
	</datafield>
	<datafield ind1=" " ind2=" " tag="500">
		<subfield code="a">Part of the Arabic Collections Online (ACO) project, contributed by American University of Beirut's Jafet Memorial Library.</subfield>
	</datafield>
	<datafield ind1=" " ind2=" " tag="533">
		<subfield code="a">Electronic reproduction.</subfield>
		<subfield code="b">New York, N.Y. :</subfield>
		<subfield code="c">New York University,</subfield>
		<subfield code="d">2018.</subfield>
		<subfield code="5">NNU</subfield>
	</datafield>
	<datafield ind1="0" ind2="0" tag="630">
		<subfield code="6">880-06</subfield>
		<subfield code="a">Qur'an</subfield>
		<subfield code="x">Hermeneutics.</subfield>
	</datafield>
	<datafield ind1="1" ind2="2" tag="700">
		<subfield code="6">880-07</subfield>
		<subfield code="a">Nīsābūrī, Niẓām al-Dīn al-Ḥasan ibn Muḥammad,</subfield>
		<subfield code="d">active 15th century.</subfield>
		<subfield code="t">Tafsīr Gharāʼib al-Qurʼān wa-Raghāʼib al-Furqān.</subfield>
	</datafield>
	<datafield ind1="2" ind2=" " tag="710">
		<subfield code="a">Jafet Memorial Library.</subfield>
	</datafield>
	<datafield ind1="2" ind2=" " tag="710">
		<subfield code="a">Jafet Memorial Library.</subfield>
	</datafield>
	<datafield ind1="0" ind2=" " tag="730">
		<subfield code="a">Arabic Collections Online.</subfield>
	</datafield>
	<datafield ind1="0" ind2=" " tag="730">
		<subfield code="a">Arabic Collections Online.</subfield>
	</datafield>
	<datafield ind1="0" ind2="8" tag="776">
		<subfield code="i">Print version:</subfield>
		<subfield code="a">Ṭabarī, 838?-923, author.</subfield>
		<subfield code="t">Tafsīr al-imām al-kabīr wa-al-‘allāmah al-shahīr man aṭbaqat al-’ummah ‘alá taqaddumihi fī al-tafsīr wa-ja‘alathu ḥujjatan idhā waqa‘a al-nizā‘ fī al-ta‘bīr al-Imām Abī Ja‘far Muḥammad ibn Jurayr al-Ṭabarī al-musammá Jāmi‘ al-Bayān fī tafsīr al-Qur’ān. wa-li-ajl tamām al-naf‘ waḍa‘nā bi-al-hāmish Tafsīr Gharāʼib al-Qurʼān wa-Raghā’ib al-Furqān</subfield>
		<subfield code="w">(LeBAU)b12378574</subfield>
	</datafield>
	<datafield ind1="0" ind2="8" tag="776">
		<subfield code="i">Print version:</subfield>
		<subfield code="a">Ṭabarī, 838?-923, author.</subfield>
		<subfield code="t">Tafsīr al-imām al-kabīr wa-al-‘allāmah al-shahīr man aṭbaqat al-’ummah ‘alá taqaddumihi fī al-tafsīr wa-ja‘alathu ḥujjatan idhā waqa‘a al-nizā‘ fī al-ta‘bīr al-Imām Abī Ja‘far Muḥammad ibn Jurayr al-Ṭabarī al-musammá Jāmi‘ al-Bayān fī tafsīr al-Qur’ān. wa-li-ajl tamām al-naf‘ waḍa‘nā bi-al-hāmish Tafsīr Gharāʼib al-Qurʼān wa-Raghā’ib al-Furqān</subfield>
		<subfield code="w">(LeBAU)b12378574</subfield>
	</datafield>
	<datafield ind1="4" ind2="0" tag="856">
		<subfield code="u">http://hdl.handle.net/2333.1/f1vhhrsv</subfield>
	</datafield>
	<datafield ind1="4" ind2="0" tag="856">
		<subfield code="u">http://hdl.handle.net/2333.1/f1vhhrsv</subfield>
	</datafield>
	<datafield ind1="1" ind2=" " tag="880">
		<subfield code="6">100-01</subfield>
		<subfield code="a">طبري،</subfield>
		<subfield code="d">838?-923,</subfield>
		<subfield code="e">author.</subfield>
	</datafield>
	<datafield ind1="1" ind2="0" tag="880">
		<subfield code="6">240-02</subfield>
		<subfield code="a">جامع البيان في تفسير القرآن</subfield>
	</datafield>
	<datafield ind1="1" ind2="0" tag="880">
		<subfield code="6">245-03</subfield>
		<subfield code="a">تفسير الإمام الكبير والعلامة الشهير من أطبقت الأمة على تقدمه في التفسير وجعلته حجة إذا وقع النزاع في التعبير الإمام أبي جعفر محمد بن جرير الطبري المسمى جامع البيان في تفسير القرآن. ولأجل تمام النفع وضعنا بالهامش تفسير غرائب القرآن ورغائب الفرقان /</subfield>
		<subfield code="c">للعلامة نظام الدين الحسن إبن محمد بن حسين القمي النيسابوري.</subfield>
	</datafield>
	<datafield ind1=" " ind2="1" tag="880">
		<subfield code="6">264-04</subfield>
		<subfield code="a">مصر :</subfield>
		<subfield code="b">المطبعة الميمنية،</subfield>
		<subfield code="c">1321هـ.، [1903؟ م.]</subfield>
	</datafield>
	<datafield ind1=" " ind2=" " tag="880">
		<subfield code="6">300-05</subfield>
		<subfield code="a">10 أجزاء ؛</subfield>
		<subfield code="c">28 سم</subfield>
	</datafield>
	<datafield ind1=" " ind2=" " tag="880">
		<subfield code="6">500-00</subfield>
		<subfield code="a">30 جزء ببليوغرافي في 10 أجزاء مادية.</subfield>
	</datafield>
	<datafield ind1="0" ind2=" " tag="880">
		<subfield code="6">505-00</subfield>
		<subfield code="a">الجزء الأول: الجزء الأول والثاني والثالث --الجزء الثاني: الجزء الرابع والخامس والسادس --الجزء الثالث: الجزء السابع والثامن والتاسع --الجزء الرابع: الجزء العاشر والحادي عشر والثاني عشر --الجزء الخامس: الجزء الثالث عشر والرابع عشر والخامس عشر --الجزء السادس: الجزء السادس عشر والسابع عشر والثامن عشر --الجزء السابع: الجزء التاسع عشر والعشرون والحادي والعشرون --الجزء الثامن: الجزء الثاني والعشرون والثالث والعشرون والرابع والعشرون --الجزء التاسع: الجزء الخامس والعشرون والسادس والعشرون والسابع والعشرون --الجزء العاشر: الجزء الثامن والعشرون والتاسع والعشرون والثلاثون.</subfield>
	</datafield>
	<datafield ind1="0" ind2="4" tag="880">
		<subfield code="6">630-06</subfield>
		<subfield code="a">قرآن</subfield>
		<subfield code="x">تفسير وتأويل.</subfield>
	</datafield>
	<datafield ind1="1" ind2="2" tag="880">
		<subfield code="6">700-07</subfield>
		<subfield code="a">نيسابوري، نظام الدين الحسن بن محمد،</subfield>
		<subfield code="d">active 15th century.</subfield>
		<subfield code="t">تفسير غرائب القرآن ورغائب الفرقان.</subfield>
	</datafield>
	<datafield ind1=" " ind2=" " tag="959">
		<subfield code="a">NNU</subfield>
		<subfield code="b">WEB</subfield>
		<subfield code="c">GENI</subfield>
		<subfield code="t">0</subfield>
		<subfield code="m">Electronic access</subfield>
		<subfield code="s">01</subfield>
	</datafield>
	<datafield ind1=" " ind2=" " tag="959">
		<subfield code="a">NNU</subfield>
		<subfield code="b">WEB</subfield>
		<subfield code="c">GENI</subfield>
		<subfield code="t">0</subfield>
		<subfield code="m">Electronic access</subfield>
		<subfield code="s">01</subfield>
	</datafield>
	<datafield ind1=" " ind2=" " tag="999">
		<subfield code="i">LeBAU_b12378574</subfield>
		<subfield code="s">aub_aco000361:v.1-3</subfield>
		<subfield code="s">aub_aco000362:v.4-6</subfield>
		<subfield code="s">aub_aco000363:v.7-9</subfield>
		<subfield code="s">aub_aco000364:v.10-12</subfield>
		<subfield code="s">aub_aco000365:v.13-15</subfield>
		<subfield code="s">aub_aco000366:v.16-18</subfield>
		<subfield code="s">aub_aco000367:v.19-21</subfield>
		<subfield code="s">aub_aco000368:v.22-24</subfield>
		<subfield code="s">aub_aco000369:v.25-27</subfield>
		<subfield code="s">aub_aco000370:v.28-30</subfield>
		<subfield code="e">(ERROR-880)</subfield>
		<subfield code="s">aub_aco000361:v.1-3</subfield>
		<subfield code="s">aub_aco000362:v.4-6</subfield>
		<subfield code="s">aub_aco000363:v.7-9</subfield>
		<subfield code="s">aub_aco000364:v.10-12</subfield>
		<subfield code="s">aub_aco000365:v.13-15</subfield>
		<subfield code="s">aub_aco000366:v.16-18</subfield>
		<subfield code="s">aub_aco000367:v.19-21</subfield>
		<subfield code="s">aub_aco000368:v.22-24</subfield>
		<subfield code="s">aub_aco000369:v.25-27</subfield>
		<subfield code="s">aub_aco000370:v.28-30</subfield>
		<subfield code="s">aub_aco000361:v.1-3</subfield>
		<subfield code="s">aub_aco000362:v.4-6</subfield>
		<subfield code="s">aub_aco000363:v.7-9</subfield>
		<subfield code="s">aub_aco000364:v.10-12</subfield>
		<subfield code="s">aub_aco000365:v.13-15</subfield>
		<subfield code="s">aub_aco000366:v.16-18</subfield>
		<subfield code="s">aub_aco000367:v.19-21</subfield>
		<subfield code="s">aub_aco000368:v.22-24</subfield>
		<subfield code="s">aub_aco000369:v.25-27</subfield>
		<subfield code="s">aub_aco000370:v.28-30</subfield>
	</datafield>
</record>
